@article{kolmogorov2004energy,
  title={What energy functions can be minimized via graph cuts?},
  author={Kolmogorov, Vladimir and Zabin, Ramin},
  journal={IEEE transactions on pattern analysis and machine intelligence},
  year={2004},
}

@inproceedings{kohli2008graph,
  title={Graph cuts for minimizing robust higher order potentials},
  author={Kohli, Pushmeet and Ladicky, L and Torr, PHS},
  booktitle={Proc. Int’l Conf. Computer Vision and Pattern Recognition},
  year={2008}
}

@inproceedings{djolonga2014map,
  title={From MAP to marginals: Variational inference in bayesian submodular models},
  author={J. Djolonga and A. Krause},
  booktitle={NIPS},
  year={2014}
}

@article{koltun2011efficient,
  title={Efficient inference in fully connected crfs with gaussian edge potentials},
  author={V. Koltun and P. Krahenbuhl},
  journal={NIPS},
  year={2011}
}

@article{domke2013learning,
  title={Learning graphical model parameters with approximate marginal inference},
  author={Domke, Justin},
  journal={PAMI},
  year={2013}
}

@article{goldberg2007complexity,
  title={The complexity of ferromagnetic Ising with local fields},
  author={L.A Goldberg and M. Jerrum},
  journal={Combinatorics, Probability and Computing},
  year={2007}
}

@book{koller2009probabilistic,
  title={Probabilistic graphical models: principles and techniques},
  author={D. Koller and N. Friedman},
  year={2009},
  publisher={MIT press}
}

@article{jerrum1993polynomial,
  title={Polynomial-time approximation algorithms for the Ising model},
  author={M. Jerrum and A. Sinclair},
  journal={SIAM Journal on computing},
  year={1993}
}

@article{baque2016multi,
  title={Multi-Modal Mean-Fields via Cardinality-Based Clamping},
  author={P. Baqu{\'{e}} and F. Fleuret and P. Fua},
  journal={CoRR},
  year={2016}
}

@article{vineet2014filter,
  title={Filter-based mean-field inference for random fields with higher-order terms and product label-spaces},
  author={V. Vineet and J. Warrell and P.H.S Torr},
  journal={IJCV},
  year={2014}
}

@article{szeliski2008comparative,
  title={A comparative study of energy minimization methods for markov random fields with smoothness-based priors},
  author={R. Szeliski, Richard and Zabih, Ramin and Scharstein, Daniel and Veksler, Olga and Kolmogorov, Vladimir and Agarwala, Aseem and Tappen, Marshall and Rother, Carsten},
  journal={IEEE transactions on pattern analysis and machine intelligence},
  volume={30},
  number={6},
  pages={1068--1080},
  year={2008},
  publisher={IEEE}
}
@article{kendall2017uncertainties,
  title={What Uncertainties Do We Need in Bayesian Deep Learning for Computer Vision?},
  author={A. Kendall and Y. Gal},
  journal={arXiv preprint arXiv:1703.04977},
  year={2017}
}
@inproceedings{desmaison2016efficient,
  title={Efficient Continuous Relaxations for Dense CRF},
  author={A. Desmaison and R. Bunel and P. Kohli and P.H.S Torr and M. P. Kumar},
  booktitle={ECCV},
  year={2016}
}

@inproceedings{ajanthan2017efficient,
  title={Efficient Linear Programming for Dense CRFs},
  author={T. Ajanthan and A. Desmaison and R. Bunel and M. Salzmann and P.H.S Torr and M.P Kumar}, 
  booktitle={CVPR}, 
  year={2017}
}
@article{prusa2016lp,
  title={LP relaxation of the Potts labeling problem is as hard as any linear program},
  author={Prusa, Daniel and Werner, Tomas},
  journal={IEEE Transactions on Pattern Analysis and Machine Intelligence},
  year={2016}
}
@article{kleinberg2002approximation,
  title={Approximation algorithms for classification problems with pairwise relationships: Metric labeling and Markov random fields},
  author={J. Kleinberg and E. Tardos},
  journal={IEEE Symposium on the Foundations of Computer Science},
  year={2002}
}
@inproceedings{manokaran2008sdp,
  title={SDP gaps and UGC hardness for multiway cut, 0-extension, and metric labeling},
  author={R. Manokaran and J. Naor and P. Raghavendra and R. Schwartz},
  booktitle={ACM Symposium on Theory of Computing},
  year={2008}
}
@article{karloff2009earthmover,
  title={On earthmover distance, metric labeling, and 0-extension},
  author={H. Karloff and S. Khot and A. Mehta and Y. Rabani},
  journal={SIAM Journal on Computing},
  year={2009}
}
@article{bach2013learning,
  title={Learning with submodular functions: A convex optimization perspective},
  author={F. Bach},
  journal={Foundations and Trends in Machine Learning},
  year={2013}
}

@article{kumar2011improved,
  title={Improved moves for truncated convex models},
  author={M.P Kumar and O. Veksler and P.H.S Torr},
  journal={JMLR},
  year={2011}
}
@article{chekuri2004linear,
  title={A linear programming formulation and approximation algorithms for the metric labeling problem},
  author={Chekuri, Chandra and Khanna, Sanjeev and Naor, Joseph and Zosin, Leonid},
  journal={SIAM Journal on Discrete Mathematics},
  year={2004}
}
@article{boykov2001fast,
  title={Fast approximate energy minimization via graph cuts},
  author={Y. Boykov and O. Veksler and R. Zabih},
  journal={PAMI},
  year={2001}
}
@inproceedings{zhang2015higher,
  title={Higher-order inference for multi-class log-supermodular models},
  author={J. Zhang and J. Djolonga and A. Krause},
  booktitle={ICCV},
  year={2015}
}
@inproceedings{bartal1996probabilistic,
  title={Probabilistic approximation of metric spaces and its algorithmic applications},
  author={Y. Bartal},
  booktitle={Foundations of Computer Science},
  year={1996}
}
@article{frank1956algorithm,
  title={An algorithm for quadratic programming},
  author={M. Frank and P. Wolfe},
  journal={Naval research logistics quarterly},
  year={1956}
}
@inproceedings{khot2002power,
  title={On the power of unique 2-prover 1-round games},
  author={S. Khot},
  booktitle={ACM symposium on Theory of computing},
  year={2002}
}
@inproceedings{bartal1998approximating,
  title={On approximating arbitrary metrices by tree metrics},
  author={Y. Bartal},
  booktitle={ACM Symposium on Theory of Computing},
  year={1998}
}

@inproceedings{adams2010fast,
  title={Fast High-Dimensional Filtering Using the Permutohedral Lattice},
  author={A. Adams and J. Baek and M. A. Davis},
  booktitle={Computer Graphics Forum},
  year={2010}
}

@article{wainwright2005new,
  title={A new class of upper bounds on the log partition function},
  author={M.J. Wainwright and T.S. Jaakkola and A.S. Willsky},
  journal={IEEE Transactions on Information Theory},
  year={2005}
}

@inproceedings{vineet2012improved,
  title={Improved Initialization and Gaussian Mixture Pairwise Terms for Dense Random Fields with Mean-field Inference.},
  author={V. Vineet and J. Warrell and P. Sturgess and P.H.S Torr},
  booktitle={BMVC},
  year={2012}
}

@inproceedings{snoek2012practical,
  title={Practical bayesian optimization of machine learning algorithms},
  author={J. Snoek and H. Larochelle and R. P. Adams},
  booktitle={NIPS},
  year={2012}
}

@article{kohli2009robust,
  title={Robust higher order potentials for enforcing label consistency},
  author={P. Kohli and L. Ladicky and P.H.S Torr},
  journal={IJCV},
  year={2009}
}

@inproceedings{shotton2006textonboost,
  title={Textonboost: Joint appearance, shape and context modeling for multi-class object recognition and segmentation},
  author={J. Shotton and J. Winn and C. Rother and A. Criminisi},
  booktitle={ECCV},
  year={2006}
}

@article{edmonds1970submodular,
  title={Submodular functions, matroids, and certain polyhedra},
  author={J. Edmonds},
  journal={Combinatorial Optimization — Eureka, You Shrink!},
  year={1970}
}

@inproceedings{scharstein2001taxonomy,
  title={A taxonomy and evaluation of dense two-frame stereo correspondence algorithms},
  author={D. Scharstein and R. Szeliski and R. Zabih},
  booktitle={Stereo and Multi-Baseline Vision},
  year={2001}
}

@article{comaniciu2002mean,
  title={Mean shift: A robust approach toward feature space analysis},
  author={Comaniciu, Dorin and Meer, Peter},
  journal={PAMI},
  year={2002},
}
